
@book{gudava1962,
  title={Botlixuri ena [{T}he {B}otlikh language]},
  author={Gudava, Togo, E.},
  year={1962},
  publisher={Tbilisi: Mecniereba}
  }
  
@book{saidovaabusov2012,
  title={Botlixsko-russkij slovar' [{B}otlikh-{R}ussian dictionary]},
  author={Saidova, Patimat A. and Abusov, Magomed G.},
  year={2012},
  publisher={Makhachkala: IJaLI}}
  
@incollection{tatevosov1996,
 title={Quantification},
 author={Tatevosov, Sergei},
 editors={Kibrik, Alexandr E. and Tatevosov, Sergej G. and Eulenberg, Alexander},
 booktitle={Godoberi},
 publisher={MÃ¼nchen/Newcastle: Lincom},
 year={1996},
 pages={237--255}}
  
